% This file was created with JabRef 2.7.
% Encoding: Cp1252

@BOOK{Abramowski:1991,
  title = {Geometrisches Modellieren},
  publisher = {B.I. Wissenschaftsverlag},
  year = {1991},
  author = {Abramowski, S. and M{\"u}ller, H.},
  series = {Reihe Informatik},
  address = {Mannheim},
  timestamp = {2012.05.27}
}

@MISC{Khronos:2012,
  author = {Khronos Group},
  title = {{OpenCL API 1.2 Reference Card}},
  url = {http://www.khronos.org/opencl},
  urldate = {02.06.2012}
}

@BOOK{Muller:2011,
  title = {Vorkurs Informatik: Der Einstieg ins Informatikstudium},
  publisher = {Vieweg+Teubner Verlag | Springer Fachmedien Wiesbaden GmbH},
  year = {2011},
  author = {M{\"u}ller, H. and Weichert, F.},
  edition = {2. Auflage},
  timestamp = {2012.05.27}
}

@MASTERSTHESIS{Nachname-Diplom:2012,
  author = {Nachname, V.},
  title = {Titel der Diplomarbeit},
  school = {Technische Universit{\"a}t Dortmund, Lehrstuhl f{\"u}r Graphische
	Systeme},
  year = {2012},
  type = {Diplomarbeit},
  timestamp = {2012.06.03}
}

@MASTERSTHESIS{Nachname-Bachelor:2012,
  author = {Nachname, V.},
  title = {Titel der Bachelorarbeit},
  school = {Technische Universit{\"a}t Dortmund, Lehrstuhl f{\"u}r Graphische
	Systeme},
  year = {2012},
  type = {Bachelorarbeit},
  timestamp = {2012.06.03}
}

@MASTERSTHESIS{Nachname-Master:2012,
  author = {Nachname, V.},
  title = {Titel der Masterarbeit},
  school = {Technische Universit{\"a}t Dortmund, Lehrstuhl f{\"u}r Graphische
	Systeme},
  year = {2012},
  type = {Masterarbeit},
  timestamp = {2012.06.03}
}
